<?xml version="1.0" encoding="UTF-8"?><collection xmlns="http://www.loc.gov/MARC21/slim"><record><leader>00347nam--2200133-i-4500</leader><controlfield tag="001">000028427</controlfield><controlfield tag="002">20161230</controlfield><controlfield tag="005">20161230201037</controlfield><controlfield tag="008">060222s1000------------r-----000-0-eng-d</controlfield><datafield ind1=" " ind2=" " tag="080"><subfield code="a">621.38.049(024)</subfield></datafield><datafield ind1=" " ind2=" " tag="100"><subfield code="a">Lenk, John D</subfield></datafield><datafield ind1=" " ind2=" " tag="245"><subfield code="a">Manual for integrated circuit users</subfield></datafield><datafield ind1=" " ind2=" " tag="260"><subfield code="a">Reston, Reston Publ.Co., Inc., 1973, Xi + 416p</subfield></datafield><datafield ind1=" " ind2=" " tag="852"><subfield code="a">42218</subfield></datafield></record></collection>